<?xml version="1.0" encoding="UTF-8"?><collection xmlns="http://www.loc.gov/MARC21/slim"><record><leader>00336nam--2200121-i-4500</leader><controlfield tag="001">000008468</controlfield><controlfield tag="002">20161230</controlfield><controlfield tag="005">20161230201027</controlfield><controlfield tag="008">060222s1000------------r-----000-0-eng-d</controlfield><datafield ind1=" " ind2=" " tag="080"><subfield code="a">31</subfield></datafield><datafield ind1=" " ind2=" " tag="245"><subfield code="a">Breviarul statistic al republicii socialiste romania, 1968</subfield></datafield><datafield ind1=" " ind2=" " tag="260"><subfield code="a">Bucuresti, Firectia Centrala De Statistica, 1968 483 P</subfield></datafield><datafield ind1=" " ind2=" " tag="852"><subfield code="a">28563</subfield></datafield></record></collection>